<record><leader>00000cas a2200000 a 4500</leader><controlfield tag="001">57725200</controlfield><controlfield tag="008">050224c20039999iluwr ne      0   a0eng c</controlfield><datafield ind1=" " ind2=" " tag="010"><subfield code="a">  2007212260</subfield></datafield><datafield ind1=" " ind2=" " tag="040"><subfield code="a">PX0</subfield><subfield code="b">eng</subfield><subfield code="c">PX0</subfield><subfield code="d">OCLCQ</subfield><subfield code="d">NSD</subfield><subfield code="d">NVF</subfield><subfield code="d">OCLCQ</subfield><subfield code="d">NVF</subfield><subfield code="d">OCLCF</subfield><subfield code="d">NVF</subfield><subfield code="d">OCLCO</subfield></datafield><datafield ind1=" " ind2=" " tag="012"><subfield code="l">1</subfield></datafield><datafield ind1="1" ind2=" " tag="022"><subfield code="a">1939-5132</subfield><subfield code="l">1939-5132</subfield><subfield code="2">1</subfield></datafield><datafield ind1="1" ind2=" " tag="029"><subfield code="a">AU@</subfield><subfield code="b">000042107678</subfield></datafield><datafield ind1=" " ind2=" " tag="042"><subfield code="a">nsdp</subfield><subfield code="a">pcc</subfield></datafield><datafield ind1=" " ind2=" " tag="043"><subfield code="a">n-us-il</subfield></datafield><datafield ind1="1" ind2="0" tag="050"><subfield code="a">ISSN RECORD</subfield></datafield><datafield ind1=" " ind2="4" tag="222"><subfield code="a">The examiner of St. Charles</subfield></datafield><datafield ind1="0" ind2="4" tag="245"><subfield code="a">The examiner of St. Charles.</subfield></datafield><datafield ind1="1" ind2="3" tag="246"><subfield code="a">St. Charles examiner</subfield></datafield><datafield ind1="3" ind2=" " tag="246"><subfield code="a">Examiner of Saint Charles</subfield></datafield><datafield ind1="3" ind2=" " tag="246"><subfield code="a">Saint Charles examiner</subfield></datafield><datafield ind1=" " ind2=" " tag="260"><subfield code="a">Bartlett, Ill. :</subfield><subfield code="b">Examiner Publications,</subfield><subfield code="c">2003-</subfield></datafield><datafield ind1=" " ind2=" " tag="300"><subfield code="a">v.</subfield></datafield><datafield ind1=" " ind2=" " tag="310"><subfield code="a">Weekly</subfield></datafield><datafield ind1="0" ind2=" " tag="362"><subfield code="a">Vol. 1, no. 1 (June 18, 2003)-</subfield></datafield><datafield ind1=" " ind2="0" tag="651"><subfield code="a">Saint Charles (Ill.)</subfield><subfield code="v">Newspapers.</subfield></datafield><datafield ind1=" " ind2="7" tag="651"><subfield code="a">Illinois</subfield><subfield code="z">Saint Charles.</subfield><subfield code="2">fast</subfield><subfield code="0">(OCoLC)fst01216593</subfield></datafield><datafield ind1=" " ind2="7" tag="655"><subfield code="a">Newspapers.</subfield><subfield code="2">fast</subfield><subfield code="0">(OCoLC)fst01423814</subfield></datafield><datafield ind1=" " ind2=" " tag="752"><subfield code="a">United States</subfield><subfield code="b">Illinois</subfield><subfield code="c">Kane</subfield><subfield code="d">Bartlett.</subfield></datafield></record>